<record><leader>00000cas a22000007a 4500</leader><controlfield tag="001">10164166</controlfield><controlfield tag="008">831128c19399999nhudn ne      0   a0eng d</controlfield><controlfield tag="009">467</controlfield><datafield ind1=" " ind2=" " tag="010"><subfield code="a">sn 83003716 </subfield></datafield><datafield ind1=" " ind2=" " tag="040"><subfield code="a">NSD</subfield><subfield code="b">eng</subfield><subfield code="c">NSD</subfield><subfield code="d">DLC</subfield><subfield code="d">NVH</subfield><subfield code="d">OCLCQ</subfield></datafield><datafield ind1=" " ind2=" " tag="012"><subfield code="m">1</subfield></datafield><datafield ind1="1" ind2=" " tag="022"><subfield code="a">0746-6218</subfield><subfield code="l">0746-6218</subfield><subfield code="2">1</subfield></datafield><datafield ind1="1" ind2=" " tag="029"><subfield code="a">AU@</subfield><subfield code="b">000025824281</subfield></datafield><datafield ind1=" " ind2=" " tag="032"><subfield code="a">439440</subfield><subfield code="b">USPS</subfield></datafield><datafield ind1=" " ind2=" " tag="042"><subfield code="a">nsdp</subfield><subfield code="a">msc</subfield></datafield><datafield ind1=" " ind2="0" tag="050"><subfield code="a">Newspaper 7002</subfield></datafield><datafield ind1="0" ind2=" " tag="130"><subfield code="a">Portsmouth herald (Portsmouth, N.H. : 1939)</subfield></datafield><datafield ind1=" " ind2="4" tag="222"><subfield code="a">The Portsmouth herald</subfield></datafield><datafield ind1="0" ind2="4" tag="245"><subfield code="a">The Portsmouth herald.</subfield></datafield><datafield ind1=" " ind2=" " tag="260"><subfield code="a">Portsmouth, N.H. :</subfield><subfield code="b">Chronicle and Gazette Pub.,</subfield></datafield><datafield ind1=" " ind2=" " tag="300"><subfield code="a">v.</subfield></datafield><datafield ind1=" " ind2=" " tag="310"><subfield code="a">Daily (except holidays)</subfield></datafield><datafield ind1="0" ind2=" " tag="362"><subfield code="a">Vol. 54, no. 124 (Feb. 20, 1939)-</subfield></datafield><datafield ind1=" " ind2=" " tag="752"><subfield code="a">United States</subfield><subfield code="b">New Hampshire</subfield><subfield code="c">Rockingham</subfield><subfield code="d">Portsmouth.</subfield></datafield><datafield ind1="0" ind2="0" tag="780"><subfield code="t">Portsmouth herald and times</subfield><subfield code="w">(DLC)sn 90062403</subfield></datafield><datafield ind1="0" ind2="5" tag="780"><subfield code="t">New Hampshire gazette</subfield><subfield code="w">(DLC)sn 84023142</subfield></datafield></record>